<?xml version="1.0" encoding="UTF-8"?>
  <record xmlns="http://www.loc.gov/MARC21/slim" type="Authority">
    <leader>00000nz  a2200000nc 4500</leader>
    <controlfield tag="001">104278196</controlfield>
    <controlfield tag="003">DE-101</controlfield>
    <controlfield tag="005">20180313111832.0</controlfield>
    <controlfield tag="008">961022n||aznnnaabn           | aaa    |c</controlfield>
    <datafield tag="024" ind1="7" ind2=" ">
      <subfield code="a">104278196</subfield>
      <subfield code="0">http://d-nb.info/gnd/104278196</subfield>
      <subfield code="2">gnd</subfield>
    </datafield>
    <datafield tag="035" ind1=" " ind2=" ">
      <subfield code="a">(DE-101)104278196</subfield>
    </datafield>
    <datafield tag="035" ind1=" " ind2=" ">
      <subfield code="a">(DE-588)104278196</subfield>
    </datafield>
    <datafield tag="035" ind1=" " ind2=" ">
      <subfield code="z">(DE-588a)104278196</subfield>
      <subfield code="9">v:zg</subfield>
    </datafield>
    <datafield tag="040" ind1=" " ind2=" ">
      <subfield code="a">DE-12</subfield>
      <subfield code="c">DE-12</subfield>
      <subfield code="9">r:DE-12</subfield>
      <subfield code="b">ger</subfield>
      <subfield code="d">0547</subfield>
    </datafield>
    <datafield tag="042" ind1=" " ind2=" ">
      <subfield code="a">gnd1</subfield>
    </datafield>
    <datafield tag="043" ind1=" " ind2=" ">
      <subfield code="c">XA-DE</subfield>
    </datafield>
    <datafield tag="075" ind1=" " ind2=" ">
      <subfield code="b">p</subfield>
      <subfield code="2">gndgen</subfield>
    </datafield>
    <datafield tag="075" ind1=" " ind2=" ">
      <subfield code="b">piz</subfield>
      <subfield code="2">gndspec</subfield>
    </datafield>
    <datafield tag="079" ind1=" " ind2=" ">
      <subfield code="a">g</subfield>
      <subfield code="q">a</subfield>
      <subfield code="q">f</subfield>
    </datafield>
    <datafield tag="100" ind1="1" ind2=" ">
      <subfield code="a">Ütterodt zu Scharffenberg, Hans Andreß &#152;von&#156;</subfield>
      <subfield code="d">-1642</subfield>
    </datafield>
    <datafield tag="400" ind1="1" ind2=" ">
      <subfield code="a">Ütterodt zu Scharffenberg, Hans Andres &#152;von&#156;</subfield>
      <subfield code="d">-1642</subfield>
    </datafield>
    <datafield tag="400" ind1="1" ind2=" ">
      <subfield code="a">Uetterodt zu Scharffenberg, Hans Andreß &#152;von&#156;</subfield>
      <subfield code="d">-1642</subfield>
    </datafield>
    <datafield tag="400" ind1="1" ind2=" ">
      <subfield code="a">Uetterodt zu Scharffenberg, Hans Andres &#152;von&#156;</subfield>
      <subfield code="d">-1642</subfield>
    </datafield>
    <datafield tag="400" ind1="1" ind2=" ">
      <subfield code="a">Utterodt zu Scharffenberg, Hans Andreß &#152;von&#156;</subfield>
      <subfield code="d">-1642</subfield>
    </datafield>
    <datafield tag="400" ind1="1" ind2=" ">
      <subfield code="a">Utterodt zu Scharffenberg, Hans Andres &#152;von&#156;</subfield>
      <subfield code="d">-1642</subfield>
    </datafield>
    <datafield tag="400" ind1="1" ind2=" ">
      <subfield code="a">Ütterodt, Hans Andreß &#152;von&#156;</subfield>
      <subfield code="d">-1642</subfield>
    </datafield>
    <datafield tag="400" ind1="1" ind2=" ">
      <subfield code="a">Ütterodt, Hans Andres &#152;von&#156;</subfield>
      <subfield code="d">-1642</subfield>
    </datafield>
    <datafield tag="400" ind1="1" ind2=" ">
      <subfield code="a">Uetterodt, Hans Andreß &#152;von&#156;</subfield>
      <subfield code="d">-1642</subfield>
    </datafield>
    <datafield tag="400" ind1="1" ind2=" ">
      <subfield code="a">Uetterodt, Hans Andres &#152;von&#156;</subfield>
      <subfield code="d">-1642</subfield>
    </datafield>
    <datafield tag="400" ind1="1" ind2=" ">
      <subfield code="a">Utterodt, Hans Andreß &#152;von&#156;</subfield>
      <subfield code="d">-1642</subfield>
    </datafield>
    <datafield tag="400" ind1="1" ind2=" ">
      <subfield code="a">Utterodt, Hans Andres &#152;von&#156;</subfield>
      <subfield code="d">-1642</subfield>
    </datafield>
    <datafield tag="400" ind1="1" ind2=" ">
      <subfield code="a">Utterodt zum Scharffenberg, Hans Andreß &#152;von&#156;</subfield>
      <subfield code="d">-1642</subfield>
    </datafield>
    <datafield tag="400" ind1="1" ind2=" ">
      <subfield code="a">Scharfenberg, Hans Andreß &#152;von&#156;</subfield>
      <subfield code="d">-1642</subfield>
    </datafield>
    <datafield tag="400" ind1="1" ind2=" ">
      <subfield code="a">Utterodt, Hans Andreß &#152;von&#156;</subfield>
      <subfield code="d">-1642</subfield>
    </datafield>
    <datafield tag="400" ind1="1" ind2=" ">
      <subfield code="a">Uterot, Johannes Andreas &#152;a&#156;</subfield>
      <subfield code="d">-1642</subfield>
    </datafield>
    <datafield tag="400" ind1="1" ind2=" ">
      <subfield code="a">Utterodt zum Scharpffenberg, Hans Andreß &#152;von&#156;</subfield>
      <subfield code="d">-1642</subfield>
      <subfield code="9">v:4ELRAKm</subfield>
    </datafield>
    <datafield tag="400" ind1="1" ind2=" ">
      <subfield code="a">Scharpffenberg, Hans Andreß &#152;zu&#156;</subfield>
      <subfield code="d">-1642</subfield>
    </datafield>
    <datafield tag="400" ind1="1" ind2=" ">
      <subfield code="a">Ütterodt zu Scharffenberg, Johann Andreas &#152;von&#156;</subfield>
      <subfield code="d">-1642</subfield>
    </datafield>
    <datafield tag="400" ind1="1" ind2=" ">
      <subfield code="a">Zum Scharpffenberg, Hans Andreß</subfield>
      <subfield code="d">-1642</subfield>
      <subfield code="9">v:4ELRAKm</subfield>
    </datafield>
    <datafield tag="400" ind1="1" ind2=" ">
      <subfield code="a">Zum Scharpffenberg, Hans Andreß von Utterodt</subfield>
      <subfield code="d">-1642</subfield>
      <subfield code="9">v:4ELRAKm</subfield>
    </datafield>
    <datafield tag="400" ind1="1" ind2=" ">
      <subfield code="a">Scharffenberg, Hans Andreß von Ütterodt &#152;zu&#156;</subfield>
      <subfield code="d">-1642</subfield>
    </datafield>
    <datafield tag="400" ind1="1" ind2=" ">
      <subfield code="a">Utterodt ZumScharpffenberg, Hans Andreß &#152;von&#156;</subfield>
      <subfield code="d">-1642</subfield>
      <subfield code="9">v:RAK alt</subfield>
    </datafield>
    <datafield tag="400" ind1="1" ind2=" ">
      <subfield code="a">ZumScharpffenberg, Hans Andreß</subfield>
      <subfield code="d">-1642</subfield>
      <subfield code="9">v:RAK alt</subfield>
    </datafield>
    <datafield tag="400" ind1="1" ind2=" ">
      <subfield code="a">ZumScharpffenberg, Hans Andreß von Utterodt</subfield>
      <subfield code="d">-1642</subfield>
      <subfield code="9">v:RAK alt</subfield>
    </datafield>
    <datafield tag="548" ind1=" " ind2=" ">
      <subfield code="a">-1642</subfield>
      <subfield code="4">datl</subfield>
      <subfield code="4">https://d-nb.info/standards/elementset/gnd#dateOfDeath</subfield>
      <subfield code="w">r</subfield>
      <subfield code="i">Lebensdaten</subfield>
    </datafield>
    <datafield tag="551" ind1=" " ind2=" ">
      <subfield code="0">(DE-101)964698595</subfield>
      <subfield code="0">(DE-588)4689434-2</subfield>
      <subfield code="0">https://d-nb.info/gnd/4689434-2</subfield>
      <subfield code="a">Wenigenlupnitz</subfield>
      <subfield code="4">ortw</subfield>
      <subfield code="4">https://d-nb.info/standards/elementset/gnd#placeOfActivity</subfield>
      <subfield code="w">r</subfield>
      <subfield code="i">Wirkungsort</subfield>
    </datafield>
    <datafield tag="667" ind1=" " ind2=" ">
      <subfield code="a">12</subfield>
    </datafield>
    <datafield tag="672" ind1=" " ind2="0">
      <subfield code="a">Hoffrock, Henricus: Euthanasia Das ist Selige Sterb-Kunst : ... bey der ansehnlichen Sepultur des ... Hans Andreßen von Utterodt zum Scharpffenberg uff Weningenlupnitz ... - 1643</subfield>
    </datafield>
    <datafield tag="675" ind1=" " ind2=" ">
      <subfield code="a">Prioritätenliste</subfield>
    </datafield>
    <datafield tag="678" ind1=" " ind2=" ">
      <subfield code="b">aus Wenigenlupnitz</subfield>
    </datafield>
    <datafield tag="913" ind1=" " ind2=" ">
      <subfield code="S">pnd</subfield>
      <subfield code="i">a</subfield>
      <subfield code="a">Ütterodt zu Scharffenberg, Hans Andreß /von</subfield>
      <subfield code="0">(DE-588a)104278196</subfield>
    </datafield>
  </record>
